<?xml version="1.0" encoding="UTF-8"?><collection xmlns="http://www.loc.gov/MARC21/slim"><record><leader>00604nam--2200181-u-4500</leader><controlfield tag="001">000053793</controlfield><controlfield tag="002">20161230</controlfield><controlfield tag="005">20161230201051</controlfield><controlfield tag="008">110621s1000------------r-----000-0-fre-d</controlfield><datafield ind1=" " ind2=" " tag="040"><subfield code="a">IFIN-HH</subfield></datafield><datafield ind1=" " ind2=" " tag="041"><subfield code="a">fre</subfield></datafield><datafield ind1=" " ind2=" " tag="080"><subfield code="a">537.811:537.311.322:535.417.2(043)</subfield></datafield><datafield ind1="1" ind2=" " tag="100"><subfield code="a">Pananakakis, Georges</subfield></datafield><datafield ind1="1" ind2="0" tag="245"><subfield code="a">La methode de perturbation applique a l'etude experimentale de resonateurs electromagnetiques et aux mesures de parametres de petits echantillons</subfield><subfield code="b">These</subfield><subfield code="c">Georges pananakakis</subfield></datafield><datafield ind1=" " ind2=" " tag="260"><subfield code="a">Grenoble</subfield><subfield code="b">Universite</subfield><subfield code="c">1974</subfield></datafield><datafield ind1=" " ind2=" " tag="300"><subfield code="a">103P</subfield></datafield><datafield ind1=" " ind2=" " tag="852"><subfield code="a">44160</subfield><subfield code="c">537:538</subfield></datafield><datafield ind1=" " ind2=" " tag="CAT"><subfield code="a">Sys</subfield><subfield code="c">20110621</subfield><subfield code="h">144301</subfield></datafield></record></collection>